@string{csf = "IEEE Computer Security Foundations Symposium (CSF)"}

@article{claessen2011quickcheck,
    title={{QuickCheck}: a lightweight tool for random testing of {Haskell} programs},
    author={Claessen, Koen and Hughes, John},
    journal={ACM sigplan notices},
    volume={46},
    number={4},
    pages={53--64},
    year={2011},
    publisher={ACM New York, NY, USA}
}


@techreport{callas1998openpgp,
    title={{OpenPGP} message format},
    author={Callas, Jon and Donnerhacke, Lutz and Finney, Hal and Thayer, Rodney},
    year={1998},
    institution={RFC 2440, November}
}


@inproceedings{Goguen_Meseguer_82,
  address =       {Oakland, California, USA},
  author =        {Joseph Goguen and Jos{\'e} Meseguer},
  booktitle =     {Security and Privacy (S\&P)},
  pages =         {11--20},
  publisher = {Computer Society},
  title =         {Security Policies and Security Models},
  year =          {1982},
}

@article{Zheng_Myers_07,
  author =        {Lantian Zheng and Andrew C. Myers},
  journal =       {International Journal of Information Security},
  number =        {2--3},
  title =         {Dynamic security labels and Static Information Flow Control},
  volume =        {6},
  year =          {2007},
}

@inproceedings{Lourenco_Caires_15,
  author =        {Lu\'{i}sa Louren\c{c}o and Lu\'{i}s Caires},
  booktitle =     {Principles of Programming Languages (POPL)},
  pages =         {317-328},
  publisher = {ACM},
  title =         {Dependent Information Flow Types},
  year =          {2015},
}

@inproceedings{BanerjeeNR08,
  author    = {Anindya Banerjee and David A. Naumann and Stan Rosenberg},
  title     = {Expressive Declassification Policies and Modular Static Enforcement},
  booktitle = {Security and Privacy (S\&P)},
  pages     = {339--353},
  publisher = {IEEE},
  year      = {2008}
}

@inproceedings{chudnov2018assuming,
    title={Assuming You Know: Epistemic Semantics of Relational Annotations for Expressive Flow Policies},
    author={Chudnov, Andrey and Naumann, David A},
    booktitle=csf,
    pages={189--203},
    year={2018},
    organization={IEEE}
}

@inproceedings{chudnov2014information,
    title={Information flow monitoring as abstract interpretation for relational logic},
    author={Chudnov, Andrey and Kuan, George and Naumann, David A},
    booktitle={Computer Security Foundations Symposium (CSF)},
    pages={48--62},
    year={2014},
    organization={IEEE}
}

@inproceedings{austin2009efficient,
    title={Efficient purely-dynamic information flow analysis},
    author={Austin, Thomas H and Flanagan, Cormac},
    booktitle={Programming Languages and Analysis for Security (PLAS)},
    pages={113--124},
    year={2009}
}

@misc{myers2001jif,
    title={Jif: Java information flow},
    author={Myers, Andrew C and Zheng, Lantian and Zdancewic, Steve and Chong, Stephen and Nystrom, Nathaniel},
    year={2001}
}


@misc{Ernst_Rieger_20,
author = {Gidon Ernst and Lukas Rieger},
title = {Information Flow Testing of a {PGP} Keyserver (Abstract for the VerifyThis challenge 2020)},
year = {2020}
}

@string{cav = "International Conference on Computer Aided Verification (CAV)"}
@inproceedings{Ernst_Murray_19,
     title={\textsc{SecCSL}: {Security Concurrent Separation Logic}},
     author={Ernst, Gidon and Murray, Toby},
     booktitle=cav,
     pages={208--230},
     year={2019},
     organization={Springer}
}


@book{jackson2012software,
  title={Software Abstractions: logic, language, and analysis},
    author={Jackson, Daniel},
      year={2012},
        publisher={MIT press}
        }

@string{jcs = "Journal of Computer Security"}
@article{Sabelfeld_Sands_09,
  title={Declassification: Dimensions and principles},
  author={Sabelfeld, Andrei and Sands, David},
  journal=jcs,
  volume={17},
  number={5},
  pages={517--548},
  year={2009},
}

@inproceedings{Schoepe_MS_20,
  title = {\textsc{Veronica}: Expressive and Precise Concurrent Information Flow Security},
  year = {2020},
  booktitle = csf,
  author = {Daniel Schoepe and Toby Murray and Andrei Sabelfeld},
  note = {To appear.}
  }
